<?xml version="1.0" encoding="UTF-8"?><collection xmlns="http://www.loc.gov/MARC21/slim"><record><leader>00467nam--2200133-i-4500</leader><controlfield tag="001">000014469</controlfield><controlfield tag="002">20161230</controlfield><controlfield tag="005">20161230201030</controlfield><controlfield tag="008">060222s1000------------r-----000-0-eng-d</controlfield><datafield ind1=" " ind2=" " tag="080"><subfield code="a">621.O39.519.22(O43)</subfield></datafield><datafield ind1=" " ind2=" " tag="100"><subfield code="a">Biro, Lucian</subfield></datafield><datafield ind1=" " ind2=" " tag="245"><subfield code="a">Efecte de retea in procesele termohidraulic di n zona activa a reactorilor nucleari energeti ci cu apa sub presiune. teza de doctorat</subfield></datafield><datafield ind1=" " ind2=" " tag="260"><subfield code="a">Pitesti, Comitetul De Stat Pentru Energie Nucl Eara, 1982. 2oo P</subfield></datafield><datafield ind1=" " ind2=" " tag="852"><subfield code="a">71202</subfield></datafield></record></collection>